@book{rene,
	author = {Ren√® L. Schilling and Lothar Partzsch},
	title = {Brownian Motion},
	date = {2012},
	editor = {De Gryter Graduate},
}
