@book{cappelletti,
    author = {Arrigo Cappelletti},
    title = {Paul Bley: La logica del caso},
    publisher = {L'Epos},
    year = {2004}
}
@book{lee,
    author = {Bley, Paul and Lee, David},
    title = {Stopping Time: Paul Bley and the Transformation of Jaz},
    publisher = {Da Capo Press},
    year = {1988}
}