@article{jarrow2004short,
  title={Brownian Motion},
  author={Schilling, Ren√®},
  year={2004},
  publisher={JSTOR}
}
